<?xml version="1.0" encoding="UTF-8"?><collection xmlns="http://www.loc.gov/MARC21/slim"><record><leader>00449nam--2200157-u-4500</leader><controlfield tag="001">000056318</controlfield><controlfield tag="002">20161230</controlfield><controlfield tag="005">20161230201052</controlfield><controlfield tag="008">150610s1000------------r-----000-0-eng-d</controlfield><datafield ind1=" " ind2=" " tag="040"><subfield code="a">IFIN-HH</subfield></datafield><datafield ind1="1" ind2=" " tag="100"><subfield code="a">Herbert, Nick</subfield></datafield><datafield ind1="1" ind2="0" tag="245"><subfield code="a">Faster thant light. superluminal loopholes in physics. a joutney beyond the einstein limit</subfield><subfield code="c">Nick herbert</subfield></datafield><datafield ind1=" " ind2=" " tag="260"><subfield code="a">New York</subfield><subfield code="b">Penguin</subfield><subfield code="c">1989</subfield></datafield><datafield ind1=" " ind2=" " tag="300"><subfield code="a">216P</subfield></datafield><datafield ind1=" " ind2=" " tag="852"><subfield code="a">82402</subfield><subfield code="c">53</subfield></datafield><datafield ind1=" " ind2=" " tag="CAT"><subfield code="a">Sys</subfield><subfield code="c">20150610</subfield><subfield code="h">092333</subfield></datafield></record></collection>